@Article{Met78,
   Author = "Metz, Charles E.",
   Title = "Basic principles of {ROC} analysis",
   Journal = "{S}eminars in {N}uclear {M}edicine",
   Volume = 8,
   Pages = "283--298",
   year = 1978
}
@book{Wel03,
   author = "Stefan Wellek", year = 2003,
   title = "Testing Statistical Hypotheses of Equivalence",
   publisher = "{Chapman \& Hall/CRC Press}",
   address = "New York"
}
@Book{Lit96,
   Year = 1996,
   Author = "Ramon C. Littell and George A. Milliken
      and Walter W. Stroup and Wolfinger, Russell D.",
   Title = "{SAS} System for Mixed Models",
   Publisher = "{SAS Institute, Inc.}",
   Address = "Cary, NC"
}
@Misc{Tho98w,
   Author = "Len Thomas",
   Title = "Statistical power analysis software",
   Note = {\url{http://www.forestry.ubc.ca/conservation/power/}},
   year = 1998
}
